<record><leader>00000cas a22000007a 4500</leader><controlfield tag="001">33814059</controlfield><controlfield tag="008">951128d19621963caumr ne      0    0eng d</controlfield><datafield ind1=" " ind2=" " tag="010"><subfield code="a">sn 95062787 </subfield></datafield><datafield ind1=" " ind2=" " tag="040"><subfield code="a">CNK</subfield><subfield code="b">eng</subfield><subfield code="c">CNK</subfield><subfield code="d">NYS</subfield><subfield code="d">OCLCQ</subfield><subfield code="d">OCLCF</subfield><subfield code="d">OCLCO</subfield><subfield code="d">OCL</subfield></datafield><datafield ind1="1" ind2=" " tag="029"><subfield code="a">AU@</subfield><subfield code="b">000012176360</subfield></datafield><datafield ind1=" " ind2=" " tag="042"><subfield code="a">msc</subfield></datafield><datafield ind1=" " ind2=" " tag="043"><subfield code="a">n-us-ca</subfield></datafield><datafield ind1="0" ind2="0" tag="245"><subfield code="a">Emerald echo.</subfield></datafield><datafield ind1=" " ind2=" " tag="260"><subfield code="a">San Francisco, Calif. :</subfield><subfield code="b">John Whooley</subfield></datafield><datafield ind1=" " ind2=" " tag="300"><subfield code="a">v.</subfield></datafield><datafield ind1=" " ind2=" " tag="310"><subfield code="a">Monthly</subfield></datafield><datafield ind1="0" ind2=" " tag="362"><subfield code="a">Sept. 1962-v. 1, no. 12 (Aug. 1963).</subfield></datafield><datafield ind1=" " ind2=" " tag="515"><subfield code="a">Vol. numbering begins with Nov. 1962 issue.</subfield></datafield><datafield ind1=" " ind2="0" tag="650"><subfield code="a">Irish newspapers</subfield><subfield code="z">California.</subfield></datafield><datafield ind1=" " ind2="7" tag="650"><subfield code="a">Irish newspapers.</subfield><subfield code="2">fast</subfield><subfield code="0">(OCoLC)fst00979041</subfield></datafield><datafield ind1=" " ind2="7" tag="651"><subfield code="a">California.</subfield><subfield code="2">fast</subfield><subfield code="0">(OCoLC)fst01204928</subfield></datafield><datafield ind1=" " ind2=" " tag="752"><subfield code="a">United States</subfield><subfield code="b">California</subfield><subfield code="c">San Francisco</subfield><subfield code="d">San Francisco.</subfield></datafield><datafield ind1="0" ind2="0" tag="785"><subfield code="t">Irish herald (San Francisco, Calif.)</subfield><subfield code="w">(DLC)sn 83002768</subfield><subfield code="w">(OCoLC)9978065</subfield></datafield></record>